<record><leader>00000cas a2200000 a 4500</leader><controlfield tag="001">10674650</controlfield><controlfield tag="008">840430d19021946nyuwr ne      0    0eng c</controlfield><datafield ind1=" " ind2=" " tag="010"><subfield code="a">sn 84031186 </subfield></datafield><datafield ind1=" " ind2=" " tag="040"><subfield code="a">NYG</subfield><subfield code="b">eng</subfield><subfield code="c">NYG</subfield><subfield code="d">DLC</subfield><subfield code="d">NPX</subfield><subfield code="d">DLC</subfield><subfield code="d">NYG</subfield><subfield code="d">NYS</subfield><subfield code="d">OCLCQ</subfield><subfield code="d">OCLCF</subfield><subfield code="d">OCLCO</subfield></datafield><datafield ind1=" " ind2=" " tag="042"><subfield code="a">pcc</subfield></datafield><datafield ind1=" " ind2=" " tag="043"><subfield code="a">n-us-ny</subfield></datafield><datafield ind1="0" ind2="0" tag="050"><subfield code="a">Newspaper 7000</subfield></datafield><datafield ind1="0" ind2="4" tag="245"><subfield code="a">The Batavia times.</subfield></datafield><datafield ind1="1" ind2="3" tag="246"><subfield code="a">Batavia daily times</subfield></datafield><datafield ind1="1" ind2="7" tag="246"><subfield code="a">Times, Batavia, New York</subfield></datafield><datafield ind1=" " ind2=" " tag="260"><subfield code="a">Batavia, N.Y. :</subfield><subfield code="b">Batavia Times Pub. Co.,</subfield><subfield code="c">1902-1946.</subfield></datafield><datafield ind1=" " ind2=" " tag="300"><subfield code="a">v. :</subfield><subfield code="b">ill. ;</subfield><subfield code="c">56 cm.</subfield></datafield><datafield ind1=" " ind2=" " tag="310"><subfield code="a">Weekly,</subfield><subfield code="b">Nov. 1903-1946</subfield></datafield><datafield ind1=" " ind2=" " tag="321"><subfield code="a">Daily (except Sunday),</subfield><subfield code="b">Oct. 1902-Nov. 1903</subfield></datafield><datafield ind1="0" ind2=" " tag="362"><subfield code="a">Vol. 84, no. 1 (Oct. 9, 1902)-v. 129, no. 37 (Sept. 12, 1946).</subfield></datafield><datafield ind1=" " ind2=" " tag="500"><subfield code="a">Published: on Friday, -Sept. 11, 1908; on Monday, Sept. 14, 1908-Feb. 15, 1915; on Friday, Feb. 26, 1915-Mar. 3, 1916; on Saturday, Mar. 11-&lt;Dec. 16, 1916&gt;.</subfield></datafield><datafield ind1=" " ind2="0" tag="651"><subfield code="a">Batavia (N.Y.)</subfield><subfield code="v">Newspapers.</subfield></datafield><datafield ind1=" " ind2="0" tag="651"><subfield code="a">Genesee County (N.Y.)</subfield><subfield code="v">Newspapers.</subfield></datafield><datafield ind1=" " ind2="7" tag="655"><subfield code="a">Newspapers.</subfield><subfield code="2">fast</subfield><subfield code="0">(OCoLC)fst01423814</subfield></datafield><datafield ind1=" " ind2="7" tag="651"><subfield code="a">New York (State)</subfield><subfield code="z">Batavia.</subfield><subfield code="2">fast</subfield><subfield code="0">(OCoLC)fst01224072</subfield></datafield><datafield ind1=" " ind2="7" tag="651"><subfield code="a">New York (State)</subfield><subfield code="z">Genesee County.</subfield><subfield code="2">fast</subfield><subfield code="0">(OCoLC)fst01222207</subfield></datafield><datafield ind1=" " ind2=" " tag="752"><subfield code="a">United States</subfield><subfield code="b">New York</subfield><subfield code="c">Genesee</subfield><subfield code="d">Batavia.</subfield></datafield><datafield ind1="0" ind2=" " tag="775"><subfield code="t">Sunday times (Batavia, N.Y.)</subfield><subfield code="g">1908-1915</subfield><subfield code="w">(DLC)sn 98067611</subfield><subfield code="w">(OCoLC)39047800</subfield></datafield><datafield ind1="0" ind2="5" tag="780"><subfield code="t">Labor leader</subfield><subfield code="g">Jan. 26, 1906</subfield></datafield><datafield ind1="0" ind2="5" tag="780"><subfield code="t">Oakfield reporter</subfield><subfield code="g">Jan. 6, 1910</subfield><subfield code="w">(DLC)sn 98067574</subfield></datafield><datafield ind1="0" ind2="0" tag="780"><subfield code="t">Spirit of the times (Batavia, N.Y. : 1861)</subfield><subfield code="w">(DLC)sn 86053155</subfield></datafield></record>